@INPROCEEDINGS{Alalawi_CCR,
  author={Ahmed Alalawi and Alauddin Al-Omary},
  booktitle={2020 International Conference on Data Analytics for Business and Industry: Way Towards a Sustainable Economy (ICDABI)}, 
  title={Cloud Computing Resources: Survey of Advantage, Disadvantages and Pricing}, 
  year={2020},
  volume={},
  number={},
  pages={1-6},
  note={\newline\url{https://doi.org/10.1109/ICDABI51230.2020.9325645}. Zugriff am 11 Februar 2022.}}


% To be used
@article{article,
  author={Nigel Cookand Dejan Milojicic and Vanish Talwar},
  year={2012},
  month={05},
  pages={},
  title={Cloud management},
  volume={3},
  journal={Journal of Internet Services and Applications},
  doi={10.1007/s13174-011-0053-8},
  note={\newline\url{file:///C:/Users/bruno/Downloads/Cloud_management.pdf}. Zugriff am 31 Juni 2022.},
}

@misc{Donnery_CCSB,
  author={Louise Donnery},
  title={{Cloud Computing for Small Business: A Game Changer}},
  year={2022},
  url={https://www.salesforce.com/eu/blog/2022/03/cloud-computing-for-small-business.html},
  note={Zugriff am 11 Februar 2022.},
  urldate={2022-03-02}
}

@INPROCEEDINGS{Khalid_CCAI,
  author={Ammar Khalid},
  booktitle={2010 International Conference on Signal Acquisition and Processing}, 
  title={Cloud Computing: Applying Issues in Small Business}, 
  year={2010},
  volume={},
  number={},
  pages={278-281},
  note={\newline\url{https://doi.org/10.1109/ICSAP.2010.78}. Zugriff am 11 Februar 2022.}}


@misc{NIST_Definitionen,
  author={{National Institute of Standards and Technology (NIST)}},
  title={Cyber Attacke},
  year={2020},
  note={\newline\url{https://csrc.nist.gov/glossary/term/Cyber_Attack}. Zugriff am 31 Juni 2022.},
  date={2020-04-12}
}

@inproceedings{Obrutsky_CSAD,
  author={Santiago Obrutsky},
  title={Cloud Storage: Advantages, Disadvantages and Enterprise Solutions for Business},
  booktitle={Conference: EIT New Zealand},
  year={2016},  
  month={07},
  pages={},
  note={\newline\url{https://csrc.nist.gov/glossary/term/Cyber_Attack}. Zugriff am 31 Juni 2022.},
}

% To be used
@article{Patel_CCD,
  author={Hiral Patel and Nirali Kansara},
  title={{Cloud Computing Deployment Models: A Comparative Study}},
  journal={International Journal of Innovative Research in Computer Science \& Technology},
  year={2021},
  volume={9},
  pages={45-50},
  note={\newline\url{https://www.ijircst.org/DOC/8-cloud-computing-deployment-models-a-comparative-study.pdf}. Zugriff am 11 Februar 2022.},
}

@book{Tanembaum_MBS,
  author={Andrew S. Tanembaum},
  title={{Moderne Betriebssysteme}},
  publisher={Pearson},
  isbn={978-3-8273-7342-7},
  year={2009},
  address={München},
}

@book{Tanembaum_CN,
    author={Andrew S. Tanembaum and David Wetherall},
    title={Computer Networks},
    publisher={Prentice Hall},
    isbn={978-0-13-212695-3},
    year={2011},
    address={München},
    edition=5,
}

@book{Wendzel_IS,
    author={Steffen Wendzel},   
    title={{IT-Sicherheit für TCP/IP- und IoT-Netzwerke}},
    publisher={Springer Vieweg},
    isbn={978-3-658-22602-2},
    year={2018},
    address={Wiesbaden},
}

@book{Wendzel_PB,
    author={Steffen Wendzel and Johannes Plötner},   
    title={{Praxisbuch Netzwerk-Sicherheit: Risikoanalyse, 
           Methoden und Umsetzung; für Unix-Linux und Windows; 
           VPN, WLAN, Intrusion Detection, Disaster Recovery, Kryptologie}},
    publisher={Galileo Computing},
    isbn={978-3898428286},
    year={2007},
    language={deutsch},
    address={Bonn},
}

@misc{Wikipedia_Hyperscale,
  author={Wikipedia},
  title={Hyperscale computing},
  year=2022,
  url={https://en.wikipedia.org/wiki/Hyperscale_computing},
  note={Zugriff am 11 Februar 2022.},
  urldate={2022-09-01}
}

@misc{Hochschule_Worms_FPO,
  author={{Hochschule Worms}},
  title={Fachspezifische Prüfungsordnung (FPO 2018)},
  year={2018},
  note={\newline\url{https://www.hs-worms.de/fileadmin/media/fachbereiche/informatik/AInf/Pruefungsordnung/AnInf_FPO_2017-12-19_FINAL.pdf}. Zugriff am 11 Februar 2022.},
}




