@book{Wendzel_It-Sicherheit,
    author={Steffen Wendzel},   
    title={{IT-Sicherheit für TCP/IP- und IoT-Netzwerke}},
    publisher={Springer Vieweg},
    isbn={978-3-658-22602-2},
    year={2018},
    address={Wiesbaden},
}

@book{Wendzel_Praxisbuch,
    author={Steffen Wendzel and Johannes Plötner},   
    title={{Praxisbuch Netzwerk-Sicherheit: Risikoanalyse, 
           Methoden und Umsetzung; für Unix-Linux und Windows; 
           VPN, WLAN, Intrusion Detection, Disaster Recovery, Kryptologie}},
    publisher={Galileo Computing},
    isbn={978-3898428286},
    year={2007},
    language={deutsch},
    address={Bonn},
}

@misc{Hochschule_Worms_FPO,
  author={{Hochschule Worms}},
  title={Fachspezifische Prüfungsordnung (FPO 2018)},
  year={2018},
  note={\newline\url{https://www.hs-worms.de/fileadmin/media/fachbereiche/informatik/AInf/Pruefungsordnung/AnInf_FPO_2017-12-19_FINAL.pdf}. Zugriff am 31 Juni 2022.},
}

@misc{Wallsec,
  author={{Wallsec Security}},
  title={About us},
  year={2022},
  note={\newline\url{https://www.wallsec.de}. Zugriff am 31 Juni 2022.},
}


@misc{opvenvpn,
  author={{Openvpn}},
  title={How Cybersecurity has Changed in the Last Decade},
  year={2022},
  note={\newline\url{https://openvpn.net/blog/how-cybersecurity-has-changed-in-the-last-decade/}. Zugriff am 31 Juni 2022.},
}

@misc{NIST_Definitionen,
  author={{National Institute of Standards and Technology}},
  title={Cyber Attacke},
  year={2020},
  note={\newline\url{https://csrc.nist.gov/glossary/term/Cyber_Attack}. Zugriff am 31 Juni 2022.},
  date={2020-04-12}
}


@misc{healthcare-computing,
    author={{Healthcare Computing}},
    title={Was ist bzw. tut das National Institute of Standards and Technology (NIST)?},
    year={2021},
    note={\newline\url{https://www.healthcare-computing.de/was-ist-bzw-tut-das-national-institute-of-standards-and-technology-nist-a-1022210/}. Zugriff am 31 Juni 2022.},
    date={2021-04-30}
}

@ARTICLE{Bishop_PenTest,
    author={Bishop, Matt},
    journal={IEEE Security \& Privacy}, 
    title={About Penetration Testing}, 
    year={2007},
    volume={5},
    number={6},
    pages={84-87},
    doi={10.1109/MSP.2007.159}
}

@article{Goel_VulAsses_PenTest,
    title={Vulnerability Assessment \& Penetration Testing as a Cyber Defence Technology},
    journal={Procedia Computer Science},
    volume={57},
    pages={710-715},
    year={2015},
    issn={1877-0509},
    doi={https://doi.org/10.1016/j.procs.2015.07.458},
    url={https://www.sciencedirect.com/science/article/pii/S1877050915019870},
    author={Jai Narayan Goel and B.M. Mehtre},
    note={\newline\url{https://www.sciencedirect.com/science/article/pii/S1877050915019870/}. Zugriff am 31 Juni 2022.}
}

@INPROCEEDINGS{Hessa_study_pentesting,  
    author={Hessa Mohammed Zaher Al Shebli and Babak D. Beheshti},  
    booktitle={2018 IEEE Long Island Systems, Applications and Technology Conference (LISAT)},   
    title={A study on penetration testing process and tools},   
    year={2018},  
    volume={},  
    number={},  
    pages={1-7},  
    doi={10.1109/LISAT.2018.8378035},
    note={\newline\url{https://doi.org/10.1109/LISAT.2018.8378035}. Zugriff am 31 Juni 2022.},
}

@misc{SecInsider_CVSS,
    author={{Security Insider}},
    title={Was ist CVSS?},
    year={2019},
    note={\newline\url{https://www.security-insider.de/was-ist-cvss-a-853465/}. Zugriff am 31 Juni 2022.},
    date={2019-08-26}
}

@misc{Triaxiom_ROE,
    author={{Triaxiom Security}},
    title={Why are Rules of Engagement Important to my Penetration Test?},
    year={2018},
    note={\newline\url{https://www.triaxiomsecurity.com/rules-of-engagement-important-to-penetration-test/}. Zugriff am 31 Juni 2022.},
    date={2018-09-13}
}

@article{Abel_OSINT,
    author={Abel Yeboah-Ofori},
    year={2018},
    month={01},
    pages={87-98},
    title={Cyber Intelligence and OSINT: Developing Mitigation Techniques Against Cybercrime Threats on Social Media},
    volume={7},
    journal={International Journal of Cyber-Security and Digital Forensics},
    doi={10.17781/P002378},
    note={\newline\url{http://dx.doi.org/10.17781/P002378}. Zugriff am 31 Juni 2022.},
}

@article{Ehmer_methoden_testen,
    author={Mohd Ehmer andFarmeena Khan},
    year={2012},
    month={06},
    pages={},
    title={A Comparative Study of White Box, Black Box and Grey Box Testing Techniques},
    volume={3},
    journal={International Journal of Advanced Computer Science and Applications},
    doi={10.14569/IJACSA.2012.030603},
    note={\newline\url{http://dx.doi.org/10.14569/IJACSA.2012.030603}. Zugriff am 31 Juni 2022.},
}